@inproceedings{girshick14CVPR,
    Author = {Girshick, Ross and Donahue, Jeff and Darrell, Trevor and Malik, Jitendra},
    Title = {Rich feature hierarchies for accurate object detection and semantic segmentation},
    Booktitle = {Computer Vision and Pattern Recognition},
    Year = {2014}
}
@inproceedings{girshickICCV15fastrcnn,
    Author = {Ross Girshick},
    Title = {Fast R-CNN},
    Booktitle = {International Conference on Computer Vision ({ICCV})},
    Year = {2015}
}
@inproceedings{renNIPS15fasterrcnn,
    Author = {Shaoqing Ren and Kaiming He and Ross Girshick and Jian Sun},
    Title = {Faster {R-CNN}: Towards Real-Time Object Detection
             with Region Proposal Networks},
    Booktitle = {Advances in Neural Information Processing Systems ({NIPS})},
    Year = {2015}
}
@techreport{maskrcnn,
    Author = {Kaiming He and Georgia Gkioxari and Piotr Doll√°r and Ross Girshick},
    Title = {Mask R-CNN},
    Year = {2018}
}
@misc{generalizedrcnn,
    Author = {Ross Girshick},
    Title = {The Generalized R-CNN Framework for Object Detection},
    Year = {2017},
    note = {\url{https://instancetutorial.github.io/}; Talk 1; aufgerufen 06.09.2018}
}

@misc{maskrcnnPresentation,
    Author = {Kaiming  He},
    Title = {Mask R-CNN: A Perspective on Equivariance},
    Year = {2017},
    note = {\url{https://instancetutorial.github.io/}; Talk 2; aufgerufen 24.09.2018}
}
@article{fpnpaper,
  author    = {Tsung{-}Yi Lin and
               Piotr Doll{\'{a}}r and
               Ross B. Girshick and
               Kaiming He and
               Bharath Hariharan and
               Serge J. Belongie},
  title     = {Feature Pyramid Networks for Object Detection},
  journal   = {CoRR},
  volume    = {abs/1612.03144},
  year      = {2016},
  url       = {http://arxiv.org/abs/1612.03144},
  archivePrefix = {arXiv},
  eprint    = {1612.03144},
  timestamp = {Mon, 13 Aug 2018 16:48:50 +0200},
  biburl    = {https://dblp.org/rec/bib/journals/corr/LinDGHHB16},
  bibsource = {dblp computer science bibliography, https://dblp.org}
}

@misc{matterportmaskrcnn2017,
  title={Mask R-CNN for object detection and instance segmentation on Keras and TensorFlow},
  author={Abdulla, Waleed},
  year={2017},
  publisher={Github},
  journal={GitHub repository},
  howpublished={\url{https://github.com/matterport/Mask_RCNN}},
}